1
@techreport{minorsky1958analysis,
  title={An analysis of ship collisions with reference to protection of nuclear power plants},
  author={Minorsky, VU},
  year={1958},
  institution={Sharp (George G.) Inc., New York}
}
2
@phdthesis{zhang1999mechanics,
  title={The Mechanics of Ship Collision. Technical University of Denmark},
  author={Zhang, S},
  year={1999},
  school={Doctoral Dissertation}
}

3
@article{liu2010new,
  title={A new formulation of the impact mechanics of ship collisions and its application to a ship--iceberg collision},
  author={Liu, Zhenhui and Amdahl, J{\o}rgen},
  journal={Marine Structures},
  volume={23},
  number={3},
  pages={360--384},
  year={2010},
  publisher={Elsevier}
}

4
@article{coaplen2004work,
  title={Work equivalent composite coefficient of restitution},
  author={Coaplen, J and Stronge, WJ and Ravani, B},
  journal={International Journal of Impact Engineering},
  volume={30},
  number={6},
  pages={581--591},
  year={2004},
  publisher={Elsevier}
}

5
@article{ozguc2005comparative,
  title={A comparative study on the structural integrity of single and double side skin bulk carriers under collision damage},
  author={Ozguc, Ozgur and Das, Purnendu K and Barltrop, Nigel},
  journal={Marine Structures},
  volume={18},
  number={7-8},
  pages={511--547},
  year={2005},
  publisher={Elsevier}
}

6
@article{haris2013analysis,
  title={Analysis of ship--ship collision damage accounting for bow and side deformation interaction},
  author={Haris, Sabril and Amdahl, Jorgen},
  journal={Marine Structures},
  volume={32},
  pages={18--48},
  year={2013},
  publisher={Elsevier}
}

7
@article{bae2016numerical,
  title={Numerical simulation for the collision between side structure and level ice in event of side impact scenario},
  author={Bae, Dong Myung and Prabowo, Aditya Rio and Cao, Bo and Sohn, Jung Min and Zakki, Ahmad Fauzan and Wang, Qing},
  journal={Latin American Journal of Solids and Structures},
  volume={13},
  pages={2991--3004},
  year={2016},
  publisher={SciELO Brasil}
}


8
@article{leheta2014finite,
  title={Finite element simulation of barge impact into a rigid wall},
  author={Leheta, HW and Elhewy, AM and Mohamed, W El Sayed},
  journal={Alexandria Engineering Journal},
  volume={53},
  number={1},
  pages={11--21},
  year={2014},
  publisher={Elsevier}
}
9
@article{prabowo2016evaluating,
  title={Evaluating the parameter influence in the event of a ship collision based on the finite element method approach},
  author={Prabowo, Aditya Rio and Bae, Dong-Myung and Sohn, Jung-Min and Zakki, Ahmad Fauzan},
  journal={International Journal of Technology},
  volume={4},
  pages={592--602},
  year={2016}
}
10
@article{prabowo2016energy,
  title={Energy behavior on side structure in event of ship collision subjected to external parameters},
  author={Prabowo, Aditya Rio and Bae, Dong Myung and Sohn, Jung Min and Cao, Bo},
  journal={Heliyon},
  volume={2},
  number={11},
  pages={e00192},
  year={2016},
  publisher={Elsevier}
}
11

@article{prabowo2017analysis,
  title={Analysis of structural behavior during collision event accounting for bow and side structure interaction},
  author={Prabowo, Aditya Rio and Bae, Dong Myung and Sohn, Jung Min and Zakki, Ahmad Fauzan and Cao, Bo and Wang, Qing},
  journal={Theoretical and Applied Mechanics Letters},
  volume={7},
  number={1},
  pages={6--12},
  year={2017},
  publisher={Elsevier}
}
12
@article{prabowo2017effects,
  title={Effects of the rebounding of a striking ship on structural crashworthiness during ship-ship collision},
  author={Prabowo, Aditya Rio and Bae, Dong Myung and Sohn, Jung Min and Zakki, Ahmad Fauzan and Cao, Bo and Cho, Joung Hyung},
  journal={Thin-Walled Structures},
  volume={115},
  pages={225--239},
  year={2017},
  publisher={Elsevier}
}

13
@article{yip2011effectiveness,
  title={The effectiveness of double hulls in reducing vessel-accident oil spillage},
  author={Yip, Tsz Leung and Talley, Wayne K and Jin, Di},
  journal={Marine Pollution Bulletin},
  volume={62},
  number={11},
  pages={2427--2432},
  year={2011},
  publisher={Elsevier}
}
14
@article{hong2008crushing,
  title={Crushing resistance of web girders in ship collision and grounding},
  author={Hong, Lin and Amdahl, J{\o}rgen},
  journal={Marine Structures},
  volume={21},
  number={4},
  pages={374--401},
  year={2008},
  publisher={Elsevier}
}
15
@article{lehmann2002energy,
  title={Energy absorption by the steel structure of ships in the event of collisions},
  author={Lehmann, Eike and Peschmann, J{\"o}rg},
  journal={Marine Structures},
  volume={15},
  number={4-5},
  pages={429--441},
  year={2002},
  publisher={Elsevier}
}
16
@article{bae2016study,
  title={Study on collision between two ships using selected parameters in collision simulation},
  author={Bae, Dong-Myung and Prabowo, Aditya Rio and Cao, Bo and Zakki, Ahmad Fauzan and Haryadi, Gunawan Dwi},
  journal={Journal of Marine Science and Application},
  volume={15},
  number={1},
  pages={63--72},
  year={2016},
  publisher={Springer}
}
17
@article{woisin1979design,
  title={Design against collision},
  author={Woisin, G},
  journal={Advances in Marine Technology},
  pages={309--336},
  year={1979}
}

18
@article{paik1995ultimate,
  title={Ultimate and crushing strength of plated structures},
  author={Paik, Jeom Kee and Pedersen, P Terndrup},
  journal={Journal of ship research},
  volume={39},
  number={03},
  pages={250--261},
  year={1995},
  publisher={OnePetro}
}
19
@article{lu1990cutting,
  title={On the cutting of a plate by a wedge},
  author={Lu, Guoxing and Calladine, CR},
  journal={International Journal of Mechanical Sciences},
  volume={32},
  number={4},
  pages={293--313},
  year={1990},
  publisher={Elsevier}
}
20
@article{wierzbicki1993closed,
  title={Closed-form solution for wedge cutting force through thin metal sheets},
  author={Wierzbicki, Tomasz and Thomas, P},
  journal={International Journal of Mechanical Sciences},
  volume={35},
  number={3-4},
  pages={209--229},
  year={1993},
  publisher={Elsevier}
}
21
@article{simonsen1997ship,
  title={Ship grounding on rockâ€”I. Theory},
  author={Simonsen, Bo Cerup},
  journal={marine Structures},
  volume={10},
  number={7},
  pages={519--562},
  year={1997},
  publisher={Elsevier}
}
22
@article{prabowo2017structural,
  title={Structural analysis of the double bottom structure during ship grounding by finite element approach},
  author={Prabowo, Aditya Rio and Cao, Bo and Bae, Dong Myung and Bae, Sung Yong and Zakki, Ahmad Fauzan and Sohn, Jung Min},
  journal={Latin American Journal of Solids and Structures},
  volume={14},
  pages={1106--1123},
  year={2017},
  publisher={SciELO Brasil}
}
23

@article{kitamura2002fem,
  title={FEM approach to the simulation of collision and grounding damage},
  author={Kitamura, Ou},
  journal={Marine Structures},
  volume={15},
  number={4-5},
  pages={403--428},
  year={2002},
  publisher={Elsevier}
}
24
@article{wisniewski2003effect,
  title={The effect of selected parameters on ship collision results by dynamic FE simulations},
  author={Wi{\'s}niewski, Krzysztof and Ko{\l}akowski, Przemys{\l}aw},
  journal={Finite elements in analysis and design},
  volume={39},
  number={10},
  pages={985--1006},
  year={2003},
  publisher={Elsevier}
}
25

@article{abdel2013frontal,
  title={Frontal crash simulation of vehicles against lighting columns using FEM},
  author={Abdel-Nasser, Yehia A},
  journal={Alexandria Engineering Journal},
  volume={52},
  number={3},
  pages={295--299},
  year={2013},
  publisher={Elsevier}
}
26
@article{manikandaraja2016numerical,
  title={Numerical study on energy absorbing characteristics of thin-walled tube under axial and oblique impact},
  author={Manikandaraja, G and others},
  journal={Alexandria Engineering Journal},
  volume={55},
  number={1},
  pages={187--192},
  year={2016},
  publisher={Elsevier}
}
27
@article{krieg1976implementation,
  title={Implementation of a time independent plasticity theory into structural computer programs},
  author={Krieg, RD and Key, SW},
  journal={Constitutive equations in viscoplasticity: Computational and engineering aspects},
  pages={125--137},
  year={1976}
}
28
@article{jones1993criteria,
  title={Criteria for the inelastic rupture of ductile metal beams subjected to large dynamic loads},
  author={Jones, NORMAN and Shen, Wei Qin},
  journal={Structural crashworthiness and failure},
  pages={95--130},
  year={1993},
  publisher={Elsevier Applied Science, London and New York}
}
29
@book{jones2011structural,
  title={Structural impact},
  author={Jones, Norman},
  year={2011},
  publisher={Cambridge university press}
}

30
@article{ansys2017user,
  title={user guide, ANSYS},
  author={ANSYS, ANSYS LS-DYNA},
  journal={Inc. version},
  volume={15},
  year={2017}
}
31
@article{toernqvist2004safety,
  title={Safety and structural crashworthiness of ship structures; modelling tools and application in design},
  author={Toernqvist, Rikard and Simonsen, Bo Cerup},
  journal={Society of Naval Architects of Japan},
  pages={285--294},
  year={2004},
  publisher={Society of Naval Architects of Japan}
}
32
@article{alsos2007resistance,
  title={On the resistance of tanker bottom structures during stranding},
  author={Alsos, Hagbart S and Amdahl, J{\o}rgen},
  journal={Marine Structures},
  volume={20},
  number={4},
  pages={218--237},
  year={2007},
  publisher={Elsevier}
}
